@article{paper,
  author =    {P.-T. Bremer and W. Cabot and A. Cook and D. Laney
              and A. Mascarenhas and P. Miller and V. Pascucci},
  title =     {Understanding the Structure of the Turbulent
              Mixing Layer in Hydrodynamic Instabilities},
  journal =   {IEEE Transactions on Visualization and Computer Graphics},
  year =      2006,
  number =    5,
  pages =     {1053-1060},
  month =     {September/October},
  volume =    12
}
@inproceedings{Hofer,
  author    = {C.~Hofer and R.~Kwitt and M.~Niethammer and A.~Uhl},
  title     = {Deep Learning with Topological Signatures},
  booktitle = {NIPS},
  year      = 2017
}
